@article{dahrouge2016,
  author = {Dahrouge, S. and Hogg, W. and Younger, J. and Muggah, E. and Russell, G. and Glazier, R. H.},
  title = {Primary Care Physician Panel Size and Quality of Care: A Population-Based Study in Ontario, Canada},
  journal = {Annals of Family Medicine},
  volume = {14},
  number = {1},
  pages = {26--33},
  year = {2016},
  doi = {10.1370/afm.1864}
}

@article{shukor2018,
  author = {Shukor, A. R. and Edelman, S. and Brown, D. and Rivard, C.},
  title = {Developing Community-Based Primary Health Care for Complex and Vulnerable Populations in the Vancouver Coastal Health Region: HealthConnection Clinic},
  journal = {The Permanente Journal},
  volume = {22},
  pages = {18-010},
  year = {2018},
  doi = {10.7812/TPP/18-010},
  note = {PMID: 30227907; PMCID: PMC6141648}
}

@article{elkhuizen2007,
  author = {Elkhuizen, S. G. and Bor, G. and Smeenk, M. and others},
  title = {Capacity management of nursing staff as a vehicle for organizational improvement},
  journal = {BMC Health Services Research},
  volume = {7},
  pages = {196},
  year = {2007},
  doi = {10.1186/1472-6963-7-196}
}

@article{harrington2022,
  author = {Harrington, C.},
  title = {Considerations for Patient Panel Size},
  journal = {Delaware Journal of Public Health},
  volume = {8},
  number = {5},
  pages = {154-157},
  year = {2022},
  doi = {10.32481/djph.2022.12.034},
  note = {PMID: 36751598; PMCID: PMC9894066}
}

@article{joe2020,
  author = {Joe, R. and Sincraian, G. and Shukor, A. R.},
  title = {The Vancouver Community Analytics Tool (VCAT): Software Enabling Operationalization of the Building Blocks of High-Performing Primary Care at Community Health Centers in British Columbia, Canada},
  journal = {The Permanente Journal},
  volume = {25},
  year = {2020},
  doi = {10.7812/TPP/20.050},
  note = {PMID: 33635763; PMCID: PMC8803262}
}

@misc{shekelle2019,
  author = {Shekelle, P. G. and Paige, N. M. and Apaydin, E. A. and Goldhaber-Fiebert, J. D. and Mak, S. S. and Miake-Lye, I. M. and Begashaw, M. M. and Beroes-Severin, J. M.},
  title = {What is the Optimal Panel Size in Primary Care?: A Systematic Review},
  year = {2019},
  howpublished = {Evidence Synthesis Program, Health Services Research and Development Service, Office of Research and Development, Department of Veterans Affairs},
  note = {VA ESP Project: #05-226; Available at: \url{https://www.hsrd.research.va.gov/publications/esp/reports.cfm}}
}

@article{humphreys2022,
  author = {Humphreys, P. and others},
  title = {An Overview of Hospital Capacity Planning and Optimisation},
  journal = {Healthcare},
  volume = {10},
  number = {5},
  pages = {826},
  year = {2022},
  doi = {10.3390/healthcare10050826}
}

@article{zhu2019,
  author = {Zhu, S. and Fan, W. and Yang, S. and Pei, J. and Pardalos, P. M.},
  title = {Operating room planning and surgical case scheduling: A review of literature},
  journal = {Journal of Combinatorial Optimization},
  volume = {37},
  number = {3},
  pages = {757--805},
  year = {2019},
  doi = {10.1007/s10878-018-0322-6}
}

@article{rechel2010,
  author = {Rechel, B. and Wright, S. and Barlow, J. and McKee, M.},
  title = {Hospital capacity planning: From measuring stocks to modelling flows},
  journal = {Bulletin of the World Health Organization},
  volume = {88},
  pages = {632--636},
  year = {2010},
  doi = {10.2471/BLT.09.073361}
}

@article{burdett2016,
  author = {Burdett, R. and Kozan, E.},
  title = {A multi-criteria approach for hospital capacity analysis},
  journal = {European Journal of Operational Research},
  volume = {255},
  number = {3},
  pages = {505--521},
  year = {2016},
  doi = {10.1016/j.eswa.2017.01.050}
}

@article{burdett2017,
  author = {Burdett, R. and Kozan, E. and Sinnott, M. and Cook, D. and Tian, Y.-C.},
  title = {A mixed integer linear programming approach to perform hospital capacity assessments},
  journal = {Expert Systems with Applications},
  volume = {80},
  pages = {1--11},
  year = {2017},
  doi = {10.1016/j.eswa.2017.01.050}
}

@article{ZIMMERMAN2021,
author = {Samantha L. Zimmerman and Alan Bi and Trevor Dallow and Alexander R. Rutherford and Tamon Stephen and Cameron Bye and David Hall and Andrew Day and Nicole Latham and Krisztina Vasarhelyi},
title = {Optimising nurse schedules at a community health centre},
journal = {Operations Research for Health Care},
volume = {30},
pages = {100308},
year = {2021},
issn = {2211-6923},
doi = {https://doi.org/10.1016/j.orhc.2021.100308},
}

@article{Vázquez-Serrano2021, 
title={Discrete-event simulation modeling in Healthcare: A comprehensive review}, 
volume={18}, 
DOI={10.3390/ijerph182212262}, 
number={22}, journal={International Journal of Environmental Research and Public Health}, author={Vázquez-Serrano, Jesús Isaac and Peimbert-García, Rodrigo E. and Cárdenas-Barrón, Leopoldo Eduardo}, 
year={2021}, 
month={Nov}, 
pages={12262}
} 

@article{Leeftink2021, 
title={Optimising the booking horizon in healthcare clinics considering no-shows and cancellations}, 
volume={60}, 
DOI={10.1080/00207543.2021.1913292}, 
number={10}, 
journal={International Journal of Production Research}, 
author={Leeftink, Gréanne and Martinez, Gabriela and Hans, Erwin W. and Sir, Mustafa Y. and Pasupathy, Kalyan S.}, 
year={2021},
month={Apr}, 
pages={3201–3218}
} 

@article{Lee2013, 
title={A simulation study of appointment scheduling in outpatient clinics: Open access and overbooking}, 
volume={89}, 
DOI={10.1177/0037549713505332}, 
number={12}, 
journal={SIMULATION}, 
author={Lee, Sangbok and Min, Daiki and Ryu, Jong-hyun and Yih, Yuehwern}, 
year={2013}, 
month={Oct}, 
pages={1459–1473}
} 

@article{Apaydin2020, 
title={What is the optimal primary care panel size?}, 
volume={172}, 
DOI={10.7326/m19-2491}, 
number={3}, 
journal={Annals of Internal Medicine}, 
author={Paige, Neil M. and Apaydin, Eric A. and Goldhaber-Fiebert, Jeremy D. and Mak, Selene and Miake-Lye, Isomi M. and Begashaw, Meron M. and Severin, Jessica M. and Shekelle, Paul G.}, 
year={2020}, 
month={Jan}, 
pages={195}
} 

@article{lacy2011appointment,
  title={Why we don't come: Patient perceptions on no-shows},
  author={Lacy, Naomi L and Paulman, Audrey and Reuter, Mark D and Lovejoy, Bradford},
  journal={Annals of Family Medicine},
  volume={2},
  number={6},
  pages={541--545},
  year={2004},
  publisher={Ann Fam Med, Inc},
  url={https://journals.sagepub.com/doi/pdf/10.1177/1460458210380521},
  doi={10.1370/afm.123}
}



@article{hu2022,
  title={Healthcare needs, experiences and treatment burden in primary care patients with multimorbidity: An evaluation of process of care from patients' perspectives},
  author={Hu, XJ and Wang, HHX and Li, YT and Wu, XY and Wang, Y and Chen, JH and Wang, JJ and Wong, SYS and Mercer, SW},
  journal={Health Expect},
  volume={25},
  number={1},
  pages={203--213},
  year={2022},
  month={Feb},
  doi={10.1111/hex.13363},
}

@article{Harrington2021,
title = {An optimization approach to panel size management},
author = {William Harrington and Paul A. Rubin and Lihui Bai},
journal = {Operations Research for Health Care},
volume = {31},
pages = {100313},
year = {2021},
issn = {2211-6923},
doi = {https://doi.org/10.1016/j.orhc.2021.100313},
}

@article{edwards2018,
  title={Burnout Among Physicians, Advanced Practice Clinicians and Staff in Smaller Primary Care Practices},
  author={Edwards, Samuel T and Marino, Miguel and Balasubramanian, Bijal A and Solberg, Leif I and Valenzuela, Sarah and Springer, Robert and Stange, Kurt C and Miller, William L and Kottke, Thomas E and Perry, Caitlin K and Ono, Sarah and Cohen, Deborah J},
  journal={Journal of General Internal Medicine},
  year={2018},
  volume={33},
  number={12},
  pages={2138--2146},
  doi={10.1007/s11606-018-4679-0},
  PMID={30276654},
  PMCID={PMC6258608}
}

@article{francis2009effect,
  title={Effect of number of clinics and panel size on patient continuity for medical residents},
  author={Francis, MD and Zahnd, WE and Varney, A and Scaife, SL and Francis, ML},
  journal={J Grad Med Educ},
  volume={1},
  number={2},
  pages={310--315},
  year={2009},
  doi={10.4300/JGME-D-09-00017.1},
  PMID={21975997},
  PMCID={PMC2931247}
}

@article{Helfrich2017,
  author = {Helfrich, Christian D and Simonetti, Joseph A and Clinton, Walter L and Wood, Gordon B and Taylor, Leslie and Schectman, Gordon and Stark, Richard and Rubenstein, Lisa V and Fihn, Stephan D and Nelson, Karin M},
  title = {The Association of Team-Specific Workload and Staffing with Odds of Burnout Among VA Primary Care Team Members},
  journal = {J Gen Intern Med},
  volume = {32},
  number = {7},
  pages = {760--766},
  year = {2017},
  month = jul,
  doi = {10.1007/s11606-017-4011-4},
  pmid = {28233221},
  pmcid = {PMC5481228},
  url = {https://doi.org/10.1007/s11606-017-4011-4}
}

@article{kamnetz2018,
  author = {Kamnetz, Sandra and Trowbridge, Emily and Lochner, John and Koslov, Steven and Pandhi, Nancy},
  title = {A Simple Framework for Weighting Panels Across Primary Care Disciplines: Findings From a Large US Multidisciplinary Group Practice},
  journal = {Qual Manag Health Care},
  year = {2018},
  volume = {27},
  number = {4},
  pages = {185--190},
  month = {Oct/Dec},
  doi = {10.1097/QMH.0000000000000190},
  pmid = {30260924},
  pmcid = {PMC6166700}
}

@article{Rajkomar2016,
  author    = {Rajkomar, A. and Yim, J. W. and Grumbach, K. and Parekh, A.},
  title     = {Weighting Primary Care Patient Panel Size: A Novel Electronic Health Record-Derived Measure Using Machine Learning},
  journal   = {JMIR Med Inform},
  year      = {2016},
  volume    = {4},
  number    = {4},
  pages     = {e29},
}

@article{Hirozawa2016,
  author    = {Hirozawa, A. M. and Montez-Rath, M. E. and Johnson, E. C. and Solnit, S. A. and Drennan, M. J. and Katz, M. H. and Marx, R.},
  title     = {Multivariate Risk Adjustment of Primary Care Patient Panels in a Public Health Setting: A Comparison of Statistical Models},
  journal   = {J Ambul Care Manage},
  year      = {2016},
  volume    = {39},
  number    = {4},
  pages     = {333--342},
}


@article{Angstman2016,
  author    = {Angstman, K. B. and Horn, J. L. and Bernard, M. E. and Kresin, M. M. and Klavetter, E. W. and Maxson, J. and Willis, F. B. and Grover, M. L. and Bryan, M. J. and Thacher, T. D.},
  title     = {Family Medicine Panel Size with Care Teams: Impact on Quality},
  journal   = {J Am Board Fam Med},
  year      = {2016},
  volume    = {29},
  number    = {4},
  pages     = {444--451},
}

@article{Ozen2013,
  author    = {Ozen, A. and Balasubramanian, H.},
  title     = {The impact of case mix on timely access to appointments in a primary care group practice},
  journal   = {Health Care Manag Sci},
  year      = {2013},
  volume    = {16},
  number    = {2},
  pages     = {101--118},
}

@article{Mohr2012,
  author    = {Mohr, D. C. and Young, G. J.},
  title     = {Slack resources and quality of primary care},
  journal   = {Med Care},
  year     

@article{paige2020,
  author    = {Paige, Neil M. and Apaydin, Eric A. and Goldhaber-Fiebert, Jeremy D. and Mak, Selene and Miake-Lye, Isomi M. and Begashaw, Meron M. and Severin, Jessica M. and Shekelle, Paul G.},
  title     = {What Is the Optimal Primary Care Panel Size? A Systematic Review},
  journal   = {Annals of Internal Medicine},
  volume    = {172},
  number    = {3},
  pages     = {195-201},
  year      = {2020},
  doi       = {10.7326/M19-2491},
  url       = {https://consensus.app/papers/what-optimal-primary-care-panel-size-paige/07769f16b4cb52bdb0e3d6984dbb410f/?utm_source=chatgpt},
}

@article{mayosmith2022,
  author    = {Mayo-Smith, M. and Robbins, R. A. and Murray, M. and Weber, Rachel and Bagley, Pamela J. and Vitale, Elaina J. and Paige, Neil M.},
  title     = {Analysis of Variation in Organizational Definitions of Primary Care Panels},
  journal   = {JAMA Network Open},
  volume    = {5},
  year      = {2022},
  doi       = {10.1001/jamanetworkopen.2022.7497},
  url       = {https://consensus.app/papers/analysis-variation-organizational-definitions-primary-mayosmith/2d279635ccbb582b9ade7c4ad4e879a7/?utm_source=chatgpt},
}

@article{ng2013,
  author    = {Ng, C. and Ng, Kok Ping},
  title     = {Does practice size matter? Review of effects on quality of care in primary care},
  journal   = {The British journal of general practice : the journal of the Royal College of General Practitioners},
  volume    = {63},
  number    = {614},
  pages     = {e604-e610},
  year      = {2013},
  doi       = {10.3399/bjgp13X671588},
  url       = {https://consensus.app/papers/does-practice-size-matter-review-effects-quality-care-care-ng/9f44f644baea546e8d0dc1d73f718071/?utm_source=chatgpt},
}

@article{ng2012,
  author    = {Ng Kok Ping and Ng Charis Wei Ling},
  title     = {The Effects Of Practice Size On Quality Of Care In Primary Care Settings: A Systematic Review},
  journal   = {JBI Database of Systematic Reviews and Implementation Reports},
  volume    = {10},
  pages     = {1549–1633},
  year      = {2012},
  doi       = {10.11124/01938924-201210270-00001},
  url       = {https://consensus.app/papers/effects-practice-size-quality-care-primary-care-settings-ping/97e8833880e556b8bf986d65b0510345/?utm_source=chatgpt},
}

@article{martinmisener2016,
  author    = {Martin-Misener, R. and Kilpatrick, K. and Donald, F. and Bryant-Lukosius, D. and Rayner, J. and Valaitis, R. and Carter, N. and Miller, P. A. and Landry, V. and Harbman, P. and Charbonneau-Smith, R. and McKinlay, R. and Ziegler, E. and Boesveld, S. and Lamb, A.},
  title     = {Nurse practitioner caseload in primary health care: Scoping review},
  journal   = {International journal of nursing studies},
  volume    = {62},
  pages     = {170-182},
  year      = {2016},
  doi       = {10.1016/j.ijnurstu.2016.07.019},
  url       = {https://consensus.app/papers/nurse-practitioner-caseload-health-care-scoping-review-martinmisener/39295aa13c365aa4890bc84e64276645/?utm_source=chatgpt},
}


@article{Liu2014, 
title={Panel size and overbooking decisions for appointment‐based services under patient no‐shows}, 
volume={23}, 
DOI={10.1111/poms.12200}, 
number={12}, 
journal={Production and Operations Management}, 
author={Liu, Nan and Ziya, Serhan}, year={2014}, 
month={Dec}, 
pages={2209–2223}} 


@article{Abdalkareem2021, 
title={Healthcare scheduling in Optimization Context: A Review}, 
volume={11}, 
DOI={10.1007/s12553-021-00547-5}, 
number={3}, 
journal={Health and Technology}, 
author={Abdalkareem, Zahraa A. and Amir, Amiza and Al-Betar, Mohammed Azmi and Ekhan, Phaklen and Hammouri, Abdelaziz I.}, 
year={2021}, 
month={Apr}, 
pages={445–469}} 

@article{Luo2017, 
title={An optimization model to determine appointment scheduling window for an outpatient clinic with patient no-shows}, 
volume={22}, 
DOI={10.1007/s10729-017-9421-7}, 
number={1}, 
journal={Health Care Management Science}, 
author={Luo, Li and Zhou, Ying and Han, Bernard T. and Li, Jialing}, 
year={2017}, 
month={Oct}, 
pages={68–84}} 


@article{Angstman2016, 
title={Family Medicine panel size with Care Teams: Impact on Quality}, volume={29}, DOI={10.3122/jabfm.2016.04.150364}, 
number={4}, 
journal={The Journal of the American Board of Family Medicine}, 
author={Angstman, K. B. and Horn, J. L. and Bernard, M. E. and Kresin, M. M. and Klavetter, E. W. and Maxson, J. and Willis, F. B. and Grover, M. L. and Bryan, M. J. and Thacher, T. D.}, 
year={2016}, 
month={Jul}, 
pages={444–451}} 

@article{Robinson2020, 
title={Losing the wait: Improving patient cycle time in primary care}, 
volume={9}, 
DOI={10.1136/bmjoq-2019-000910}, 
number={2}, 
journal={BMJ Open Quality}, 
author={Robinson, Jehni and Porter, Melody and Montalvo, Yara and Peden, Carol J}, 
year={2020}, 
month={May}} 

@article{Ansell2017, 
title={Interventions to reduce wait times for primary care appointments: A systematic review}, 
volume={17}, 
DOI={10.1186/s12913-017-2219-y}, 
number={1}, 
journal={BMC Health Services Research}, 
author={Ansell, Dominique and Crispo, James A. and Simard, Benjamin and Bjerre, Lise M.}, 
year={2017}, 
month={Apr}} 

@manual{PanelManagement2018,
  title        = {Panel Management Manual and Workbook},
  author       = {{General Practice Services Committee}},
  organization = {{Government of BC and Doctors of BC}},
  year         = {2018},
  month        = {10},
  note         = {Adapted from resources by the Highland PCN Elevating Quality Improvement in Practice (EQuIP) team and Toward Optimized Practice (TOP) in Alberta.},
  version      = {5},
  url          = {https://www.doctorsofbc.ca/resource-centre},
  address      = {British Columbia, Canada},
  howpublished = {A partnership of the government of BC and Doctors of BC the General Practice Services Committee (GPSC)}
}
